<record><leader>00000cas a22000007a 4500</leader><controlfield tag="001">11280710</controlfield><controlfield tag="008">841018c19599999nmuwr ne      0   a0eng  </controlfield><datafield ind1=" " ind2=" " tag="010"><subfield code="a">sn 84020638 </subfield></datafield><datafield ind1=" " ind2=" " tag="040"><subfield code="a">DLC</subfield><subfield code="b">eng</subfield><subfield code="c">DLC</subfield><subfield code="d">PPM</subfield><subfield code="d">NVM</subfield><subfield code="d">OCLCQ</subfield><subfield code="d">NSD</subfield><subfield code="d">OCLCQ</subfield><subfield code="d">OCLCO</subfield><subfield code="d">OCLCQ</subfield><subfield code="d">OCLCF</subfield><subfield code="d">OCLCQ</subfield></datafield><datafield ind1=" " ind2=" " tag="012"><subfield code="l">1</subfield></datafield><datafield ind1="0" ind2=" " tag="022"><subfield code="a">1937-481X</subfield><subfield code="l">1937-481X</subfield><subfield code="2">1</subfield></datafield><datafield ind1=" " ind2=" " tag="037"><subfield code="b">C. Baker, POB 4, Taos, NM</subfield><subfield code="c">$30.00 (annual)</subfield></datafield><datafield ind1=" " ind2=" " tag="042"><subfield code="a">nsdp</subfield><subfield code="a">pcc</subfield></datafield><datafield ind1=" " ind2=" " tag="043"><subfield code="a">n-us-nm</subfield></datafield><datafield ind1="0" ind2="0" tag="050"><subfield code="a">Newspaper</subfield></datafield><datafield ind1=" " ind2="4" tag="060"><subfield code="a">015007218</subfield></datafield><datafield ind1=" " ind2="4" tag="222"><subfield code="a">The Taos news</subfield></datafield><datafield ind1="0" ind2="4" tag="245"><subfield code="a">The Taos news.</subfield></datafield><datafield ind1="3" ind2="0" tag="246"><subfield code="a">Taos news, el crepu&#769;sculo de la libertad</subfield></datafield><datafield ind1=" " ind2=" " tag="260"><subfield code="a">Taos, N.M. :</subfield><subfield code="b">Taos Pub. Co.</subfield></datafield><datafield ind1=" " ind2=" " tag="300"><subfield code="a">volumes</subfield></datafield><datafield ind1=" " ind2=" " tag="310"><subfield code="a">Weekly</subfield></datafield><datafield ind1=" " ind2=" " tag="336"><subfield code="a">text</subfield><subfield code="b">txt</subfield><subfield code="2">rdacontent</subfield></datafield><datafield ind1=" " ind2=" " tag="337"><subfield code="a">unmediated</subfield><subfield code="b">n</subfield><subfield code="2">rdamedia</subfield></datafield><datafield ind1=" " ind2=" " tag="338"><subfield code="a">volume</subfield><subfield code="b">nc</subfield><subfield code="2">rdacarrier</subfield></datafield><datafield ind1="0" ind2=" " tag="362"><subfield code="a">Vol. 1, no. 1 (July 30, 1959)-</subfield></datafield><datafield ind1=" " ind2=" " tag="500"><subfield code="a">Published as: Taos news, el crepu&#769;sculo de la libertad, Mar. 10-31, 1960.</subfield></datafield><datafield ind1=" " ind2=" " tag="530"><subfield code="a">Also on microfilm: El Paso, Tex. : Southwest Micropublishing, Inc.</subfield></datafield><datafield ind1=" " ind2=" " tag="588"><subfield code="a">Latest issue consulted: May 17-23 (2007); title from caption.</subfield></datafield><datafield ind1=" " ind2="0" tag="651"><subfield code="a">Taos (N.M.)</subfield><subfield code="v">Newspapers.</subfield></datafield><datafield ind1=" " ind2="0" tag="651"><subfield code="a">Taos County (N.M.)</subfield><subfield code="v">Newspapers.</subfield></datafield><datafield ind1=" " ind2="7" tag="651"><subfield code="a">New Mexico</subfield><subfield code="z">Taos.</subfield><subfield code="2">fast</subfield><subfield code="0">(OCoLC)fst01208684</subfield></datafield><datafield ind1=" " ind2="7" tag="651"><subfield code="a">New Mexico</subfield><subfield code="z">Taos County.</subfield><subfield code="2">fast</subfield><subfield code="0">(OCoLC)fst01221052</subfield></datafield><datafield ind1=" " ind2="7" tag="655"><subfield code="a">Newspapers.</subfield><subfield code="2">fast</subfield><subfield code="0">(OCoLC)fst01423814</subfield></datafield><datafield ind1=" " ind2=" " tag="752"><subfield code="a">United States</subfield><subfield code="b">New Mexico</subfield><subfield code="c">Taos</subfield><subfield code="d">Taos.</subfield></datafield><datafield ind1="0" ind2="5" tag="780"><subfield code="t">Crepu&#769;sculo de la libertad</subfield><subfield code="w">(DLC)sn 93061487</subfield></datafield><datafield ind1="1" ind2=" " tag="029"><subfield code="a">AU@</subfield><subfield code="b">000041834438</subfield></datafield></record>